<record><leader>00000cas a22000007a 4500</leader><controlfield tag="001">13306216</controlfield><controlfield tag="008">860318d19011906wvuwr ne      0    0eng d</controlfield><datafield ind1=" " ind2=" " tag="010"><subfield code="a">sn 86092403 </subfield></datafield><datafield ind1=" " ind2=" " tag="040"><subfield code="a">WVC</subfield><subfield code="b">eng</subfield><subfield code="c">WVC</subfield><subfield code="d">OCL</subfield><subfield code="d">OCLCQ</subfield></datafield><datafield ind1=" " ind2=" " tag="042"><subfield code="a">msc</subfield></datafield><datafield ind1="0" ind2="0" tag="245"><subfield code="a">New Martinsville news.</subfield></datafield><datafield ind1=" " ind2=" " tag="260"><subfield code="a">New Martinsville, W. Va. :</subfield><subfield code="b">New Martinsville Publ. Co.,</subfield><subfield code="c">1901-</subfield></datafield><datafield ind1=" " ind2=" " tag="300"><subfield code="a">v.</subfield></datafield><datafield ind1=" " ind2=" " tag="310"><subfield code="a">Weekly</subfield></datafield><datafield ind1="0" ind2=" " tag="362"><subfield code="a">Vol. 1, no. 1 (June 21, 1901)-</subfield></datafield><datafield ind1="1" ind2=" " tag="362"><subfield code="a">Ceased in 1906.</subfield></datafield><datafield ind1=" " ind2=" " tag="500"><subfield code="a">"We stand for the improvement of Wetzel County all the time."</subfield></datafield><datafield ind1=" " ind2=" " tag="500"><subfield code="a">Title changed after Feb. 8, 1906 and before Mar. 1, 1906.</subfield></datafield><datafield ind1=" " ind2=" " tag="752"><subfield code="a">United States</subfield><subfield code="b">West Virginia</subfield><subfield code="c">Wetzel</subfield><subfield code="d">New Martinsville.</subfield></datafield><datafield ind1="0" ind2="7" tag="785"><subfield code="t">Evening dispatch (New Martinsville, W. Va.)</subfield><subfield code="w">(DLC)sn 86092402</subfield></datafield><datafield ind1="0" ind2="7" tag="785"><subfield code="t">Weekly dispatch (New Martinsville, W. Va.)</subfield><subfield code="w">(DLC)sn 86092401</subfield></datafield></record>